% Encoding: UTF-8

@Misc{horvitz2014one,
  author    = {Horvitz, Eric},
  title     = {One Hundred Year Study on Artificial Intelligence: Reflections and Framing},
  year      = {2014},
  publisher = {Oxford University Research Paper},
}

@Book{russell2016artificial,
  title     = {Artificial intelligence: a modern approach},
  publisher = {Malaysia; Pearson Education Limited,},
  year      = {2016},
  author    = {Russell, Stuart J and Norvig, Peter},
}

@Article{minsky1991logical,
  author  = {Minsky, Marvin L},
  title   = {Logical versus analogical or symbolic versus connectionist or neat versus scruffy},
  journal = {AI magazine},
  year    = {1991},
  volume  = {12},
  number  = {2},
  pages   = {34},
}

@Book{poole1998computational,
  title     = {Computational intelligence: a logical approach},
  publisher = {Oxford University Press New York},
  year      = {1998},
  author    = {Poole, David Lynton and Mackworth, Alan K and Goebel, Randy},
  volume    = {1},
}

@Book{kurzweil1990age,
  title     = {The age of intelligent machines},
  publisher = {MIT press Cambridge, MA},
  year      = {1990},
  author    = {Kurzweil, Ray and Richter, Robert and Kurzweil, Ray and Schneider, Martin L},
  volume    = {579},
}

@Book{staab2010handbook,
  title     = {Handbook on ontologies},
  publisher = {Springer Science \& Business Media},
  year      = {2010},
  author    = {Staab, Steffen and Studer, Rudi},
}

@Book{barber2012bayesian,
  title     = {Bayesian reasoning and machine learning},
  publisher = {Cambridge University Press},
  year      = {2012},
  author    = {Barber, David},
}

@Article{breiman2001statistical,
  author    = {Breiman, Leo and others},
  title     = {Statistical modeling: The two cultures (with comments and a rejoinder by the author)},
  journal   = {Statistical science},
  year      = {2001},
  volume    = {16},
  number    = {3},
  pages     = {199--231},
  publisher = {Institute of Mathematical Statistics},
}

@InProceedings{mahdisoltani2013yago3,
  author    = {Mahdisoltani, Farzaneh and Biega, Joanna and Suchanek, Fabian M},
  title     = {Yago3: A knowledge base from multilingual wikipedias},
  booktitle = {CIDR},
  year      = {2013},
}

@Article{richesson2016clinical,
  author    = {Richesson, Rachel L and Sun, Jimeng and Pathak, Jyotishman and Kho, Abel N and Denny, Joshua C},
  title     = {Clinical phenotyping in selected national networks: demonstrating the need for high-throughput, portable, and computational methods},
  journal   = {Artificial intelligence in medicine},
  year      = {2016},
  volume    = {71},
  pages     = {57--61},
  publisher = {Elsevier},
}

@Article{freifeld2008healthmap,
  author    = {Freifeld, Clark C and Mandl, Kenneth D and Reis, Ben Y and Brownstein, John S},
  title     = {HealthMap: global infectious disease monitoring through automated classification and visualization of Internet media reports},
  journal   = {Journal of the American Medical Informatics Association},
  year      = {2008},
  volume    = {15},
  number    = {2},
  pages     = {150--157},
  publisher = {BMJ Group BMA House, Tavistock Square, London, WC1H 9JR},
}

@Article{salathe2011assessing,
  author    = {Salath{\'e}, Marcel and Khandelwal, Shashank},
  title     = {Assessing vaccination sentiments with online social media: implications for infectious disease dynamics and control},
  journal   = {PLoS computational biology},
  year      = {2011},
  volume    = {7},
  number    = {10},
  pages     = {e1002199},
  publisher = {Public Library of Science},
}

@Article{freifeld2014digital,
  author    = {Freifeld, Clark C and Brownstein, John S and Menone, Christopher M and Bao, Wenjie and Filice, Ross and Kass-Hout, Taha and Dasgupta, Nabarun},
  title     = {Digital drug safety surveillance: monitoring pharmaceutical products in twitter},
  journal   = {Drug safety},
  year      = {2014},
  volume    = {37},
  number    = {5},
  pages     = {343--350},
  publisher = {Springer},
}

@Article{brownstein2009digital,
  author    = {Brownstein, John S and Freifeld, Clark C and Madoff, Lawrence C},
  title     = {Digital disease detectionâ€”harnessing the Web for public health surveillance},
  journal   = {New England Journal of Medicine},
  year      = {2009},
  volume    = {360},
  number    = {21},
  pages     = {2153--2157},
  publisher = {Mass Medical Soc},
}

@InProceedings{mawudeku2006global,
  author    = {Mawudeku, Abla and Blench, Michael},
  title     = {Global public health intelligence network ({GPHIN})},
  booktitle = {7th Conference of the Association for Machine Translation in the Americas},
  year      = {2006},
  pages     = {8--12},
}

@Misc{fleming2018artificial,
  author = {Fleming, N},
  title  = {How artificial intelligence is changing drug discovery.},
  year   = {2018},
}

@Article{libbrecht2015machine,
  author    = {Libbrecht, Maxwell W and Noble, William Stafford},
  title     = {Machine learning applications in genetics and genomics},
  journal   = {Nature Reviews Genetics},
  year      = {2015},
  volume    = {16},
  number    = {6},
  pages     = {321},
  publisher = {Nature Publishing Group},
}

@Article{frohlich2018hype,
  author    = {Fr{\"o}hlich, Holger and Balling, Rudi and Beerenwinkel, Niko and Kohlbacher, Oliver and Kumar, Santosh and Lengauer, Thomas and Maathuis, Marloes H and Moreau, Yves and Murphy, Susan A and Przytycka, Teresa M and others},
  title     = {From hype to reality: data science enabling personalized medicine},
  journal   = {BMC medicine},
  year      = {2018},
  volume    = {16},
  number    = {1},
  pages     = {150},
  publisher = {BioMed Central},
}

@Article{gulshan2016development,
  author    = {Gulshan, Varun and Peng, Lily and Coram, Marc and Stumpe, Martin C and Wu, Derek and Narayanaswamy, Arunachalam and Venugopalan, Subhashini and Widner, Kasumi and Madams, Tom and Cuadros, Jorge and others},
  title     = {Development and validation of a deep learning algorithm for detection of diabetic retinopathy in retinal fundus photographs},
  journal   = {Jama},
  year      = {2016},
  volume    = {316},
  number    = {22},
  pages     = {2402--2410},
  publisher = {American Medical Association},
}

@Article{babier2018knowledge,
  author    = {Babier, Aaron and Boutilier, Justin J and McNiven, Andrea L and Chan, Timothy CY},
  title     = {Knowledge-based automated planning for oropharyngeal cancer},
  journal   = {Medical physics},
  year      = {2018},
  volume    = {45},
  number    = {7},
  pages     = {2875--2883},
  publisher = {Wiley Online Library},
}

@Article{liu2018artificial,
  author    = {Liu, Yun and Kohlberger, Timo and Norouzi, Mohammad and Dahl, George E and Smith, Jenny L and Mohtashamian, Arash and Olson, Niels and Peng, Lily H and Hipp, Jason D and Stumpe, Martin C},
  title     = {Artificial Intelligence--Based Breast Cancer Nodal Metastasis Detection: Insights Into the Black Box for Pathologists},
  journal   = {Archives of pathology \& laboratory medicine},
  year      = {2018},
  publisher = {the College of American Pathologists},
}

@Article{bates2014big,
  author  = {Bates, David W and Saria, Suchi and Ohno-Machado, Lucila and Shah, Anand and Escobar, Gabriel},
  title   = {Big data in health care: using analytics to identify and manage high-risk and high-cost patients},
  journal = {Health Affairs},
  year    = {2014},
  volume  = {33},
  number  = {7},
  pages   = {1123--1131},
}

@Article{bellazzi2008predictive,
  author    = {Bellazzi, Riccardo and Zupan, Blaz},
  title     = {Predictive data mining in clinical medicine: current issues and guidelines},
  journal   = {International journal of medical informatics},
  year      = {2008},
  volume    = {77},
  number    = {2},
  pages     = {81--97},
  publisher = {Elsevier},
}

@Article{lukasiewicz2008managing,
  author    = {Lukasiewicz, Thomas and Straccia, Umberto},
  title     = {Managing uncertainty and vagueness in description logics for the semantic web},
  journal   = {Web Semantics: Science, Services and Agents on the World Wide Web},
  year      = {2008},
  volume    = {6},
  number    = {4},
  pages     = {291--308},
  publisher = {Elsevier},
}

@Article{peleg2013computer,
  author    = {Peleg, Mor},
  title     = {Computer-interpretable clinical guidelines: a methodological review},
  journal   = {Journal of biomedical informatics},
  year      = {2013},
  volume    = {46},
  number    = {4},
  pages     = {744--763},
  publisher = {Elsevier},
}

@Article{yu2016predicting,
  author    = {Yu, Kun-Hsing and Zhang, Ce and Berry, Gerald J and Altman, Russ B and R{\'e}, Christopher and Rubin, Daniel L and Snyder, Michael},
  title     = {Predicting non-small cell lung cancer prognosis by fully automated microscopic pathology image features},
  journal   = {Nature communications},
  year      = {2016},
  volume    = {7},
  pages     = {12474},
  publisher = {Nature Publishing Group},
}

@Article{gebru2017using,
  author    = {Gebru, Timnit and Krause, Jonathan and Wang, Yilun and Chen, Duyun and Deng, Jia and Aiden, Erez Lieberman and Fei-Fei, Li},
  title     = {Using deep learning and Google Street View to estimate the demographic makeup of neighborhoods across the United States},
  journal   = {Proceedings of the National Academy of Sciences},
  year      = {2017},
  pages     = {201700035},
  publisher = {National Acad Sciences},
}

@Paper{AAAIW1816399,
  author     = {Hiroshi Mamiya and Xing Lu and Joseph Vybihal and Yu Ma and David Buckeridge},
  title      = {Guiding public health policy by using grocery transaction data to predict demand for unhealthy beverages},
  year       = {2019},
  conference = {AAAI Workshops},
}

@Article{sittig2008grand,
  author    = {Sittig, Dean F and Wright, Adam and Osheroff, Jerome A and Middleton, Blackford and Teich, Jonathan M and Ash, Joan S and Campbell, Emily and Bates, David W},
  title     = {Grand challenges in clinical decision support},
  journal   = {Journal of biomedical informatics},
  year      = {2008},
  volume    = {41},
  number    = {2},
  pages     = {387--392},
  publisher = {Elsevier},
}

@Article{riano2012ontology,
  author    = {Ria{\~n}o, David and Real, Francis and L{\'o}pez-Vallverd{\'u}, Joan Albert and Campana, Fabio and Ercolani, Sara and Mecocci, Patrizia and Annicchiarico, Roberta and Caltagirone, Carlo},
  title     = {An ontology-based personalization of health-care knowledge to support clinical decisions for chronically ill patients},
  journal   = {Journal of biomedical informatics},
  year      = {2012},
  volume    = {45},
  number    = {3},
  pages     = {429--446},
  publisher = {Elsevier},
}

@Article{haendel2018classification,
  author    = {Haendel, Melissa A and Chute, Christopher G and Robinson, Peter N},
  title     = {Classification, ontology, and precision medicine},
  journal   = {New England Journal of Medicine},
  year      = {2018},
  volume    = {379},
  number    = {15},
  pages     = {1452--1462},
  publisher = {Mass Medical Soc},
}

@Article{weichenthal2019picture,
  author    = {Weichenthal, Scott and Hatzopoulou, Marianne and Brauer, Michael},
  title     = {A picture tells a thousandâ€¦ exposures: Opportunities and challenges of deep learning image analyses in exposure science and environmental epidemiology},
  journal   = {Environment international},
  year      = {2019},
  volume    = {122},
  pages     = {3--10},
  publisher = {Elsevier},
}

@Misc{spacy2,
  author  = {Honnibal, Matthew AND Montani, Ines},
  title   = {spaCy 2: Natural language understanding with Bloom embeddings, convolutional neural networks and incremental parsing},
  year    = {2017},
  journal = {To appear},
}

@Comment{jabref-meta: databaseType:bibtex;}
