% Encoding: UTF-8

@Article{brehaut2016practice,
  author    = {Brehaut, Jamie C and Colquhoun, Heather L and Eva, Kevin W and Carroll, Kelly and Sales, Anne and Michie, Susan and Ivers, Noah and Grimshaw, Jeremy M},
  title     = {Practice feedback interventions: 15 suggestions for optimizing effectiveness},
  journal   = {Annals of internal medicine},
  year      = {2016},
  volume    = {164},
  number    = {6},
  pages     = {435--441},
  file      = {:ref\\a&f\\brehaut2016practice.pdf:PDF},
  publisher = {Am Coll Physicians},
}

@Article{brown2019clinical,
  author    = {Brown, Benjamin and Gude, Wouter T and Blakeman, Thomas and van der Veer, Sabine N and Ivers, Noah and Francis, Jill J and Lorencatto, Fabiana and Presseau, Justin and Peek, Niels and Daker-White, Gavin},
  title     = {Clinical performance feedback intervention theory (CP-FIT): a new theory for designing, implementing, and evaluating feedback in health care based on a systematic review and meta-synthesis of qualitative research},
  journal   = {Implementation Science},
  year      = {2019},
  volume    = {14},
  number    = {1},
  pages     = {40},
  publisher = {BioMed Central},
}

@Article{campbell2007payperf,
  author    = {Campbell, Stephen and Reeves, David and Kontopantelis, Evangelos and Middleton, Elizabeth and Sibbald, Bonnie and Roland, Martin},
  title     = {Quality of primary care in England with the introduction of pay for performance},
  journal   = {New England Journal of Medicine},
  year      = {2007},
  volume    = {357},
  number    = {2},
  pages     = {181--190},
  file      = {:health\\campbell2007report.pdf:PDF},
  owner     = {maxim},
  publisher = {Mass Medical Soc},
  timestamp = {2018.12.12},
}

@Article{colquhoun2013systematic,
  author    = {Colquhoun, Heather L and Brehaut, Jamie C and Sales, Anne and Ivers, Noah and Grimshaw, Jeremy and Michie, Susan and Carroll, Kelly and Chalifoux, Mathieu and Eva, Kevin W},
  title     = {A systematic review of the use of theory in randomized controlled trials of audit and feedback},
  journal   = {Implementation Science},
  year      = {2013},
  volume    = {8},
  number    = {1},
  pages     = {66},
  file      = {:a&f\\colquhoun2013systematic.pdf:PDF},
  publisher = {BioMed Central},
}

@Article{colquhoun2017advancing,
  author    = {Colquhoun, Heather L and Carroll, Kelly and Eva, Kevin W and Grimshaw, Jeremy M and Ivers, Noah and Michie, Susan and Sales, Anne and Brehaut, Jamie C},
  title     = {Advancing the literature on designing audit and feedback interventions: identifying theory-informed hypotheses},
  journal   = {Implementation Science},
  year      = {2017},
  volume    = {12},
  number    = {1},
  pages     = {117},
  file      = {:nhealth\\colquhoun2017advancing.pdf:PDF},
  publisher = {BioMed Central},
}

@InProceedings{deterding2011game,
  author    = {Deterding, Sebastian and Dixon, Dan and Khaled, Rilla and Nacke, Lennart},
  title     = {From Game Design Elements to Gamefulness: Defining "Gamification"},
  booktitle = {Proceedings of the 15th International Academic MindTrek Conference: Envisioning Future Media Environments},
  year      = {2011},
  series    = {MindTrek '11},
  pages     = {9--15},
  address   = {New York, NY, USA},
  publisher = {ACM},
  acmid     = {2181040},
  doi       = {10.1145/2181037.2181040},
  file      = {:games\\deterding2011game.pdf:PDF},
  isbn      = {978-1-4503-0816-8},
  keywords  = {alternate reality games, game-based technologies, gameful design, gamefulness, games, gamification, pervasive games, play, playful design, playfulness, serious games},
  location  = {Tampere, Finland},
  numpages  = {7},
  url       = {http://doi.acm.org/10.1145/2181037.2181040},
}

@Article{ehrenfeld2014automated,
  author    = {Ehrenfeld, Jesse M. and McEvoy, Matthew D. and Furman, William R. and Snyder, Dylan and Sandberg, Warren S.},
  title     = {Automated Near--Real-time Clinical Performance Feedback for Anesthesiology ResidentsOne Piece of the Milestones Puzzle},
  journal   = {Anesthesiology: The Journal of the American Society of Anesthesiologists},
  year      = {2014},
  volume    = {120},
  number    = {1},
  pages     = {172--184},
  file      = {:health\\ehrenfeld2014automated.pdf:PDF},
  publisher = {The American Society of Anesthesiologists},
}

@Article{foy2005we,
  author    = {Foy, R and Eccles, MP and Jamtvedt, Gro and Young, J and Grimshaw, JM and Baker, Richard},
  title     = {What do we know about how to do audit and feedback? Pitfalls in applying evidence from a systematic review},
  journal   = {BMC health services research},
  year      = {2005},
  volume    = {5},
  number    = {1},
  pages     = {50},
  file      = {:health\\foy2005we.pdf:PDF},
  publisher = {BioMed Central Ltd},
}

@Article{gude2018health,
  author    = {Gude, Wouter T. and Roos-Blom, Marie-Jos{\'e} and van der Veer, Sabine N. and Dongelmans, Dave A. and de Jonge, Evert and Francis, Jill J. and Peek, Niels and de Keizer, Nicolette F.},
  title     = {Health professionals’ perceptions about their clinical performance and the influence of audit and feedback on their intentions to improve practice: a theory-based study in Dutch intensive care units},
  journal   = {Implementation Science},
  year      = {2018},
  volume    = {13},
  number    = {1},
  pages     = {33},
  file      = {:nhealth/gude2018health.pdf:PDF},
  publisher = {BioMed Central},
}

@Article{hysong2017theory,
  author    = {Hysong, Sylvia J and Kell, Harrison J and Petersen, Laura A and Campbell, Bryan A and Trautner, Barbara W},
  title     = {Theory-based and evidence-based design of audit and feedback programmes: examples from two clinical intervention studies},
  journal   = {BMJ Qual Saf},
  year      = {2017},
  volume    = {26},
  number    = {4},
  pages     = {323--334},
  publisher = {BMJ Publishing Group Ltd},
}

@Article{ivers2012audit,
  author    = {Ivers, Noah and Jamtvedt, Gro and Flottorp, Signe and Young, Jane M and Odgaard-Jensen, Jan and French, Simon D and O'Brien, Mary Ann and Johansen, Marit and Grimshaw, Jeremy and Oxman, Andrew D},
  title     = {Audit and feedback: effects on professional practice and healthcare outcomes},
  journal   = {The Cochrane Library},
  year      = {2012},
  publisher = {Wiley Online Library},
}

@Article{landis2015computer,
  author    = {Landis-Lewis, Zach and Brehaut, Jamie C and Hochheiser, Harry and Douglas, Gerald P and Jacobson, Rebecca S},
  title     = {Computer-supported feedback message tailoring: theory-informed adaptation of clinical audit and feedback for learning and behavior change},
  journal   = {Implementation Science},
  year      = {2015},
  volume    = {10},
  number    = {1},
  pages     = {12},
  publisher = {BioMed Central},
}

@Book{locke1990theory,
  title     = {A Theory of Goal Setting \& Task Performance},
  publisher = {Prentice Hall},
  year      = {1990},
  author    = {Locke, E.A. and Latham, G.P.},
  isbn      = {9780139131387},
  lccn      = {89016372},
  url       = {https://books.google.ca/books?id=MHR9AAAAMAAJ},
}

@Article{locke2002building,
  author    = {Locke, Edwin A. and Latham, Gary P.},
  title     = {{Building a practically useful theory of goal setting and task motivation: A 35-year odyssey}},
  journal   = {American psychologist},
  year      = {2002},
  volume    = {57},
  number    = {9},
  pages     = {705},
  publisher = {American Psychological Association},
}

@Article{looyestyn2017does,
  author    = {Looyestyn, Jemma and Kernot, Jocelyn and Boshoff, Kobie and Ryan, Jillian and Edney, Sarah and Maher, Carol},
  title     = {Does gamification increase engagement with online programs? A systematic review},
  journal   = {PloS one},
  year      = {2017},
  volume    = {12},
  number    = {3},
  pages     = {e0173403},
  publisher = {Public Library of Science},
}

@Article{mcnamara2016confidential,
  author  = {McNamara, P and De La Mare, D and Ivers, N},
  title   = {Confidential Physician Feedback Reports: Designing for Optimal Impact on Performance},
  journal = {Rockville, MD: Agency for Healthcare Research and Quality},
  year    = {2016},
  file    = {:ref\\a&f\\mcnamara2016confidential.pdf:PDF},
}

@Article{michie2011behaviour,
  author    = {Michie, Susan and Van Stralen, Maartje M. and West, Robert},
  title     = {The behaviour change wheel: a new method for characterising and designing behaviour change interventions},
  journal   = {Implementation science},
  year      = {2011},
  volume    = {6},
  number    = {1},
  pages     = {42},
  publisher = {BioMed Central},
}

@Article{schneider1998use,
  author    = {Schneider, Eric C. and Epstein, Arnold M.},
  title     = {Use of public performance reports: a survey of patients undergoing cardiac surgery},
  journal   = {Jama},
  year      = {1998},
  volume    = {279},
  number    = {20},
  pages     = {1638--1642},
  publisher = {American Medical Association},
}

@Article{tuti2017systematic,
  author    = {Tuti, Timothy and Nzinga, Jacinta and Njoroge, Martin and Brown, Benjamin and Peek, Niels and English, Mike and Paton, Chris and van der Veer, Sabine N},
  title     = {A systematic review of electronic audit and feedback: intervention effectiveness and use of behaviour change theory},
  journal   = {Implementation Science},
  year      = {2017},
  volume    = {12},
  number    = {1},
  pages     = {61},
  file      = {:ref\\a&f\\tuti2017systematic.pdf:PDF},
  publisher = {BioMed Central},
}

@Book{zichermann2011gamification,
  title     = {Gamification by Design: Implementing Game Mechanics in Web and Mobile Apps},
  publisher = {O'Reilly Media},
  year      = {2011},
  author    = {Zichermann, G. and Cunningham, C.},
  series    = {O'Reilly Series},
  isbn      = {9781449397678},
  lccn      = {2012382507},
  url       = {https://books.google.ca/books?id=Hw9X1miVMMwC},
}

@Book{smith2009performance,
  title     = {Performance measurement for health system improvement: experiences, challenges and prospects},
  publisher = {Cambridge University Press},
  year      = {2009},
  author    = {Smith, Peter C and Mossialos, Elias and Leatherman, Sheila and Papanicolas, Irene},
}

@Article{polanczyk2019quality,
  author    = {Polanczyk, Carisi A and Ruschel, Karen B and Castilho, Fabio Morato and Ribeiro, Antonio L},
  title     = {Quality Measures in Heart Failure: the Past, the Present, and the Future},
  journal   = {Current heart failure reports},
  year      = {2019},
  volume    = {16},
  number    = {1},
  pages     = {1--6},
  file      = {:nhealth\\polanczyk2019quality.pdf:PDF},
  publisher = {Springer},
}

@Article{campbell2002research,
  author    = {Campbell, SM and Braspenning, J al and Hutchinson, A and Marshall, M},
  title     = {Research methods used in developing and applying quality indicators in primary care},
  journal   = {Qual Saf Health Care},
  year      = {2002},
  volume    = {11},
  number    = {4},
  pages     = {358--364},
  file      = {:nhealth\\campbell2002research.pdf:PDF},
  publisher = {BMJ Publishing Group Ltd},
}

@Article{goldfarb2018systematic,
  author    = {Goldfarb, Michael and Bibas, Lior and Newby, L Kristin and Henry, Timothy D and Katz, Jason and van Diepen, Sean and Cercek, Bojan},
  title     = {Systematic review and directors survey of quality indicators for the cardiovascular intensive care unit},
  journal   = {International journal of cardiology},
  year      = {2018},
  volume    = {260},
  pages     = {219--225},
  file      = {:nhealth\\goldfarb2018systematic.pdf:PDF},
  publisher = {Elsevier},
}

@Article{terris2009attribution,
  author    = {Terris, Darcey D and Aron, David C},
  title     = {3. 3 Attribution and causality in health-care performance measurement},
  journal   = {Performance measurement for health system improvement: Experiences, challenges and prospects},
  year      = {2009},
  pages     = {311},
  publisher = {Cambridge University Press},
}

@Article{hong2006overview,
  author    = {Hong, Yuling and LaBresh, Kenneth A},
  title     = {Overview of the American Heart Association “Get with the Guidelines” programs: coronary heart disease, stroke, and heart failure},
  journal   = {Critical pathways in cardiology},
  year      = {2006},
  volume    = {5},
  number    = {4},
  pages     = {179--186},
  publisher = {LWW},
}

@Article{fonarow2010improving,
  author    = {Fonarow, Gregg C and Albert, Nancy M and Curtis, Anne B and Stough, Wendy Gattis and Gheorghiade, Mihai and Heywood, J Thomas and McBride, Mark L and Inge, Patches Johnson and Mehra, Mandeep R and O'Connor, Christopher M and others},
  title     = {Improving evidence-based care for heart failure in outpatient cardiology practices: primary results of the Registry to Improve the Use of Evidence-Based Heart Failure Therapies in the Outpatient Setting (IMPROVE HF)},
  journal   = {Circulation},
  year      = {2010},
  volume    = {122},
  number    = {6},
  pages     = {585--596},
  publisher = {Am Heart Assoc},
}

@Article{kelley2006health,
  author  = {Kelley, E and Hurst, J},
  title   = {Health care Quality Indicators Project. Conceptual Framework Paper. 2006},
  journal = {Paris: Organisation for Economic Co-operation and Development Publication Services View Article},
  year    = {2006},
}

@Article{davis2006accuracy,
  author    = {Davis, David A and Mazmanian, Paul E and Fordis, Michael and Van Harrison, RTKE and Thorpe, Kevin E and Perrier, Laure},
  title     = {Accuracy of physician self-assessment compared with observed measures of competence: a systematic review},
  journal   = {Jama},
  year      = {2006},
  volume    = {296},
  number    = {9},
  pages     = {1094--1102},
  publisher = {American Medical Association},
}

@Misc{ivers2018using,
  author    = {Ivers, Noah M and Barrett, Jon},
  title     = {Using report cards and dashboards to drive quality improvement: lessons learnt and lessons still to learn},
  year      = {2018},
  file      = {:a&f\\ivers2018using.pdf:PDF},
  publisher = {BMJ Publishing Group Ltd},
}

@Comment{jabref-meta: databaseType:bibtex;}
